@Book{goodrich:15,
  author = 	 {Michael T. Goodrich and Roberto Tamassia},
  title = 	 {Algorithm Design and Applications},
  publisher = 	 {John Wiley},
  year = 	 {2015},
  edition = 	 {1st}
}